%voir bibtex

@online{REF01,
    authors = {Mon auteur},
    title = {Mon titre},
    date = {2014-05}
    url = {http://monurl.fr}
    note = {Note sur la référence}
}